@article{forrest1993genetic,
  title={Genetic algorithms: principles of natural selection applied to computation},
  author={Forrest, Stephanie},
  journal={Science},
  volume={261},
  number={5123},
  pages={872--878},
  year={1993},
  publisher={American Association for the Advancement of Science}
}

@article{koza1992programming,
  title={On the programming of computers by means of natural selection},
  author={Koza, JRGP},
  journal={Genetic programming},
  year={1992},
  publisher={MIT press}
}

@article{le2011genprog,
  title={Genprog: A generic method for automatic software repair},
  author={Le Goues, Claire and Nguyen, ThanhVu and Forrest, Stephanie and Weimer, Westley},
  journal={Ieee transactions on software engineering},
  volume={38},
  number={1},
  pages={54--72},
  year={2011},
  publisher={IEEE}
}

@article{yuan2018arja,
  title={Arja: Automated repair of java programs via multi-objective genetic programming},
  author={Yuan, Yuan and Banzhaf, Wolfgang},
  journal={IEEE Transactions on software engineering},
  volume={46},
  number={10},
  pages={1040--1067},
  year={2018},
  publisher={IEEE}
}

@inproceedings{hu2019re,
  title={Re-factoring based program repair applied to programming assignments},
  author={Hu, Yang and Ahmed, Umair Z and Mechtaev, Sergey and Leong, Ben and Roychoudhury, Abhik},
  booktitle={2019 34th IEEE/ACM International Conference on Automated Software Engineering (ASE)},
  pages={388--398},
  year={2019},
  organization={IEEE}
}

@inproceedings{wang2018search,
  title={Search, align, and repair: data-driven feedback generation for introductory programming exercises},
  author={Wang, Ke and Singh, Rishabh and Su, Zhendong},
  booktitle={Proceedings of the 39th ACM SIGPLAN conference on programming language design and implementation},
  pages={481--495},
  year={2018}
}

@article{gulwani2018automated,
  title={Automated clustering and program repair for introductory programming assignments},
  author={Gulwani, Sumit and Radi{\v{c}}ek, Ivan and Zuleger, Florian},
  journal={ACM SIGPLAN Notices},
  volume={53},
  number={4},
  pages={465--480},
  year={2018},
  publisher={ACM New York, NY, USA}
}

@article{li2022generating,
  title={Generating Concise Patches for Newly Released Programming Assignments},
  author={Li, Leping and Liu, Hui and Li, Kejun and Jiang, Yanjie and Sun, Rui},
  journal={IEEE Transactions on Software Engineering},
  volume={49},
  number={1},
  pages={450--467},
  year={2022},
  publisher={IEEE}
}

@inproceedings{abreu2009spectrum,
  title={Spectrum-based multiple fault localization},
  author={Abreu, Rui and Zoeteweij, Peter and Van Gemund, Arjan JC},
  booktitle={2009 IEEE/ACM International Conference on Automated Software Engineering},
  pages={88--99},
  year={2009},
  organization={IEEE}
}

@article{kim2019vfl,
  title={VFL: Variable-based fault localization},
  author={Kim, Jeongho and Kim, Jindae and Lee, Eunseok},
  journal={Information and software technology},
  volume={107},
  pages={179--191},
  year={2019},
  publisher={Elsevier}
}

@article{li2023vsusfl,
  title={VsusFL: Variable-suspiciousness-based Fault Localization for novice programs},
  author={Li, Zheng and Wu, Shumei and Liu, Yong and Shen, Jitao and Wu, Yonghao and Zhang, Zhanwen and Chen, Xiang},
  journal={Journal of Systems and Software},
  volume={205},
  pages={111822},
  year={2023},
  publisher={Elsevier}
}

@inproceedings{pu2016sk_p,
  title={sk\_p: a neural program corrector for MOOCs},
  author={Pu, Yewen and Narasimhan, Karthik and Solar-Lezama, Armando and Barzilay, Regina},
  booktitle={Companion Proceedings of the 2016 ACM SIGPLAN International Conference on Systems, Programming, Languages and Applications: Software for Humanity},
  pages={39--40},
  year={2016}
}

@inproceedings{heo2023referent,
  title={REFERENT: Transformer-based Feedback Generation using Assignment Information for Programming Course},
  author={Heo, Jinseok and Jeong, Hohyeon and Choi, Dongwook and Lee, Eunseok},
  booktitle={2023 IEEE/ACM 45th International Conference on Software Engineering: Software Engineering Education and Training (ICSE-SEET)},
  pages={101--106},
  year={2023},
  organization={IEEE}
}

@inproceedings{singh2013automated,
  title={Automated feedback generation for introductory programming assignments},
  author={Singh, Rishabh and Gulwani, Sumit and Solar-Lezama, Armando},
  booktitle={Proceedings of the 34th ACM SIGPLAN conference on Programming language design and implementation},
  pages={15--26},
  year={2013}
}

@inproceedings{mechtaev2018semantic,
  title={Semantic program repair using a reference implementation},
  author={Mechtaev, Sergey and Nguyen, Manh-Dung and Noller, Yannic and Grunske, Lars and Roychoudhury, Abhik},
  booktitle={Proceedings of the 40th International Conference on Software Engineering},
  pages={129--139},
  year={2018}
}

@article{ahmed2022verifix,
  title={Verifix: Verified repair of programming assignments},
  author={Ahmed, Umair Z and Fan, Zhiyu and Yi, Jooyong and Al-Bataineh, Omar I and Roychoudhury, Abhik},
  journal={ACM Transactions on Software Engineering and Methodology (TOSEM)},
  volume={31},
  number={4},
  pages={1--31},
  year={2022},
  publisher={ACM New York, NY}
}

@inproceedings{d2016qlose,
  title={Qlose: Program repair with quantitative objectives},
  author={Dâ€™Antoni, Loris and Samanta, Roopsha and Singh, Rishabh},
  booktitle={International Conference on Computer Aided Verification},
  pages={383--401},
  year={2016},
  organization={Springer}
}

@inproceedings{choi2021automated,
  title={Automated Feedback Generation for Multiple Function Programs},
  author={Choi, Dongwook and Heo, Jinseok and Lee, Eunseok},
  booktitle={2021 28th Asia-Pacific Software Engineering Conference (APSEC)},
  pages={582--583},
  year={2021},
  organization={IEEE}
}

@inproceedings{song2021context,
  title={Context-aware and data-driven feedback generation for programming assignments},
  author={Song, Dowon and Lee, Woosuk and Oh, Hakjoo},
  booktitle={Proceedings of the 29th ACM Joint Meeting on European Software Engineering Conference and Symposium on the Foundations of Software Engineering},
  pages={328--340},
  year={2021}
}

@inproceedings{rolim2017learning,
  title={Learning syntactic program transformations from examples},
  author={Rolim, Reudismam and Soares, Gustavo and D'Antoni, Loris and Polozov, Oleksandr and Gulwani, Sumit and Gheyi, Rohit and Suzuki, Ryo and Hartmann, Bj{\"o}rn},
  booktitle={2017 IEEE/ACM 39th International Conference on Software Engineering (ICSE)},
  pages={404--415},
  year={2017},
  organization={IEEE}
}

@inproceedings{kaleeswaran2016semi,
  title={Semi-supervised verified feedback generation},
  author={Kaleeswaran, Shalini and Santhiar, Anirudh and Kanade, Aditya and Gulwani, Sumit},
  booktitle={Proceedings of the 2016 24th ACM SIGSOFT International Symposium on Foundations of Software Engineering},
  pages={739--750},
  year={2016}
}

@article{silva2023automatic,
  title={Automatic generation of a hybrid algorithm for the maximum independent set problem using genetic programming},
  author={Silva-Mu{\~n}oz, Mois{\'e}s and Contreras-Bolton, Carlos and Rey, Carlos and Parada, Victor},
  journal={Applied Soft Computing},
  pages={110474},
  year={2023},
  publisher={Elsevier}
}

@article{eiben2003genetic,
  title={Genetic algorithms},
  author={Eiben, Agoston E and Smith, James E and Eiben, AE and Smith, JE},
  journal={Introduction to Evolutionary Computing},
  pages={37--69},
  year={2003},
  publisher={Springer}
}

@article{wong2016survey,
  title={A survey on software fault localization},
  author={Wong, W Eric and Gao, Ruizhi and Li, Yihao and Abreu, Rui and Wotawa, Franz},
  journal={IEEE Transactions on Software Engineering},
  volume={42},
  number={8},
  pages={707--740},
  year={2016},
  publisher={IEEE}
}

@article{gustafson2004problem,
  title={Problem difficulty and code growth in genetic programming},
  author={Gustafson, Steven and Ekart, Aniko and Burke, Edmund and Kendall, Graham},
  journal={Genetic Programming and Evolvable Machines},
  volume={5},
  pages={271--290},
  year={2004},
  publisher={Springer}
}

@inproceedings{kim2013automatic,
  title={Automatic patch generation learned from human-written patches},
  author={Kim, Dongsun and Nam, Jaechang and Song, Jaewoo and Kim, Sunghun},
  booktitle={2013 35th International Conference on Software Engineering (ICSE)},
  pages={802--811},
  year={2013},
  organization={IEEE}
}

@article{deb2002fast,
  title={A fast and elitist multiobjective genetic algorithm: NSGA-II},
  author={Deb, Kalyanmoy and Pratap, Amrit and Agarwal, Sameer and Meyarivan, TAMT},
  journal={IEEE transactions on evolutionary computation},
  volume={6},
  number={2},
  pages={182--197},
  year={2002},
  publisher={IEEE}
}

@inproceedings{oliveira2016improved,
  title={Improved crossover operators for genetic programming for program repair},
  author={Oliveira, Vinicius Paulo L and Souza, Eduardo FD and Le Goues, Claire and Camilo-Junior, Celso G},
  booktitle={Search Based Software Engineering: 8th International Symposium, SSBSE 2016, Raleigh, NC, USA, October 8-10, 2016, Proceedings 8},
  pages={112--127},
  year={2016},
  organization={Springer}
}

@inproceedings{assiri2014assessment,
  title={An assessment of the quality of automated program operator repair},
  author={Assiri, Fatmah Yousef and Bieman, James M},
  booktitle={2014 IEEE Seventh International Conference on Software Testing, Verification and Validation},
  pages={273--282},
  year={2014},
  organization={IEEE}
}

@inproceedings{ackling2011evolving,
  title={Evolving patches for software repair},
  author={Ackling, Thomas and Alexander, Bradley and Grunert, Ian},
  booktitle={Proceedings of the 13th annual conference on Genetic and evolutionary computation},
  pages={1427--1434},
  year={2011}
}

@inproceedings{kou2016capable,
  title={A capable crossover technique on automatic program repair},
  author={Kou, Ryotaro and Higo, Yoshiki and Kusumoto, Shinji},
  booktitle={2016 7th International Workshop on Empirical Software Engineering in Practice (IWESEP)},
  pages={45--50},
  year={2016},
  organization={IEEE}
}

@inproceedings{yi2017feasibility,
  title={A feasibility study of using automated program repair for introductory programming assignments},
  author={Yi, Jooyong and Ahmed, Umair Z and Karkare, Amey and Tan, Shin Hwei and Roychoudhury, Abhik},
  booktitle={Proceedings of the 2017 11th Joint Meeting on Foundations of Software Engineering},
  pages={740--751},
  year={2017}
}

@inproceedings{weimer2013leveraging,
  title={Leveraging program equivalence for adaptive program repair: Models and first results},
  author={Weimer, Westley and Fry, Zachary P and Forrest, Stephanie},
  booktitle={2013 28th IEEE/ACM International Conference on Automated Software Engineering (ASE)},
  pages={356--366},
  year={2013},
  organization={IEEE}
}

@inproceedings{mechtaev2016angelix,
  title={Angelix: Scalable multiline program patch synthesis via symbolic analysis},
  author={Mechtaev, Sergey and Yi, Jooyong and Roychoudhury, Abhik},
  booktitle={Proceedings of the 38th international conference on software engineering},
  pages={691--701},
  year={2016}
}

@inproceedings{long2016automatic,
  title={Automatic patch generation by learning correct code},
  author={Long, Fan and Rinard, Martin},
  booktitle={Proceedings of the 43rd Annual ACM SIGPLAN-SIGACT Symposium on Principles of Programming Languages},
  pages={298--312},
  year={2016}
}

@article{zhang2024pydex,
  title={Pydex: Repairing bugs in introductory python assignments using llms},
  author={Zhang, Jialu and Cambronero, Jos{\'e} Pablo and Gulwani, Sumit and Le, Vu and Piskac, Ruzica and Soares, Gustavo and Verbruggen, Gust},
  journal={Proceedings of the ACM on Programming Languages},
  volume={8},
  number={OOPSLA1},
  pages={1100--1124},
  year={2024},
  publisher={ACM New York, NY, USA}
}

@article{phung2023generating,
  title={Generating high-precision feedback for programming syntax errors using large language models},
  author={Phung, Tung and Cambronero, Jos{\'e} and Gulwani, Sumit and Kohn, Tobias and Majumdar, Rupak and Singla, Adish and Soares, Gustavo},
  journal={arXiv preprint arXiv:2302.04662},
  year={2023}
}

@inproceedings{joshi2023repair,
  title={Repair is nearly generation: Multilingual program repair with llms},
  author={Joshi, Harshit and Sanchez, Jos{\'e} Cambronero and Gulwani, Sumit and Le, Vu and Verbruggen, Gust and Radi{\v{c}}ek, Ivan},
  booktitle={Proceedings of the AAAI Conference on Artificial Intelligence},
  volume={37},
  number={4},
  pages={5131--5140},
  year={2023}
}

@inproceedings{li2022transrepair,
  title={Transrepair: Context-aware program repair for compilation errors},
  author={Li, Xueyang and Liu, Shangqing and Feng, Ruitao and Meng, Guozhu and Xie, Xiaofei and Chen, Kai and Liu, Yang},
  booktitle={Proceedings of the 37th IEEE/ACM International Conference on Automated Software Engineering},
  pages={1--13},
  year={2022}
}

@inproceedings{liu2019tbar,
  title={Tbar: Revisiting template-based automated program repair},
  author={Liu, Kui and Koyuncu, Anil and Kim, Dongsun and Bissyand{\'e}, Tegawend{\'e} F},
  booktitle={Proceedings of the 28th ACM SIGSOFT international symposium on software testing and analysis},
  pages={31--42},
  year={2019}
}

@misc{codeforcesCodeforces,
	author = {CodeForces},
	title = {{C}odeforces --- codeforces.com},
	howpublished = {\url{https://codeforces.com}},
	year = {}
}

@inproceedings{yuan2014improved,
  title={An improved NSGA-III procedure for evolutionary many-objective optimization},
  author={Yuan, Yuan and Xu, Hua and Wang, Bo},
  booktitle={Proceedings of the 2014 annual conference on genetic and evolutionary computation},
  pages={661--668},
  year={2014}
}

@inproceedings{blank2019investigating,
  title={Investigating the normalization procedure of NSGA-III},
  author={Blank, Julian and Deb, Kalyanmoy and Roy, Proteek Chandan},
  booktitle={International Conference on Evolutionary Multi-Criterion Optimization},
  pages={229--240},
  year={2019},
  organization={Springer}
}

@article{soremekun2001composite,
  title={Composite laminate design optimization by genetic algorithm with generalized elitist selection},
  author={Soremekun, G and G{\"u}rdal, Z and Haftka, RT and Watson, LT},
  journal={Computers \& structures},
  volume={79},
  number={2},
  pages={131--143},
  year={2001},
  publisher={Elsevier}
}

@inproceedings{jones2001visualization,
  title={Visualization for fault localization},
  author={Jones, James A and Harrold, Mary Jean and Stasko, John T},
  booktitle={in Proceedings of ICSE 2001 Workshop on Software Visualization},
  year={2001},
  organization={Citeseer}
}

@inproceedings{abreu2006evaluation,
  title={An evaluation of similarity coefficients for software fault localization},
  author={Abreu, Rui and Zoeteweij, Peter and Van Gemund, Arjan JC},
  booktitle={2006 12th Pacific Rim International Symposium on Dependable Computing (PRDC'06)},
  pages={39--46},
  year={2006},
  organization={IEEE}
}

@book{eiben2015introduction,
  title={Introduction to evolutionary computing},
  author={Eiben, Agoston E and Smith, James E},
  year={2015},
  publisher={Springer}
}


@article{miller1996genetic,
  title={Genetic algorithms, selection schemes, and the varying effects of noise},
  author={Miller, Brad L and Goldberg, David E},
  journal={Evolutionary computation},
  volume={4},
  number={2},
  pages={113--131},
  year={1996},
  publisher={MIT Press}
}

@misc{ExperimentTask,
    title = {Dastaset of {A}ssignment{M}ender},
	author = {Leping Li, Hui L and Kejun L and Yanjie J, Rui Sun},
	howpublished = {\url{https://github.com/CoPaGe/FeedbackExperimentTask}},
	year = {2022},
}

@misc{pylintPylintCode,
	author = {Logilab},
	title = {{P}ylint - code analysis for {P}ython | www.pylint.org --- pylint.org},
	howpublished = {\url{https://www.pylint.org}},
	year = {},
}

@article{cao2023code,
  title={Code Similarity and Location-Awareness Automatic Program Repair},
  author={Cao, Heling and Han, Dong and Liu, Fangzheng and Liao, Tianli and Zhao, Chenyang and Shi, Jianshu},
  journal={Applied Sciences},
  volume={13},
  number={14},
  pages={8519},
  year={2023},
  publisher={MDPI}
}

@inproceedings{harada2024towards,
  title={Towards Efficient Program Repair with APR Tools Based on Genetic Algorithms},
  author={Harada, Kanon and Maruyama, Katsuhisa},
  booktitle={2024 IEEE International Conference on Software Analysis, Evolution and Reengineering (SANER)},
  pages={896--901},
  year={2024},
  organization={IEEE}
}

@article{brown2020language,
  title={Language models are few-shot learners},
  author={Brown, Tom B},
  journal={arXiv preprint arXiv:2005.14165},
  year={2020}
}

@inproceedings{siddiq2024quality,
  title={Quality Assessment of ChatGPT Generated Code and their Use by Developers},
  author={Siddiq, Mohammed Latif and Roney, Lindsay and Zhang, Jiahao and Santos, Joanna Cecilia Da Silva},
  booktitle={Proceedings of the 21st International Conference on Mining Software Repositories},
  pages={152--156},
  year={2024}
}

@inproceedings{horschig2018java,
  title={Do Java programmers write better Python? studying off-language code quality on GitHub},
  author={Horschig, Siegfried and Mattis, Toni and Hirschfeld, Robert},
  booktitle={Companion Proceedings of the 2nd International Conference on the Art, Science, and Engineering of Programming},
  pages={127--134},
  year={2018}
}

@article{apostolidis2023evaluation,
  title={Evaluation of Python code quality using multiple source code analyzers},
  author={Apostolidis, George David},
  year={2023},
  publisher={$\Pi$$\alpha$$\nu$$\varepsilon$$\pi$$\iota$$\sigma$$\tau$$\acute{\eta}$$\mu$$\iota$o M$\alpha$$\kappa$$\varepsilon$$\delta$o$\nu$$\acute{\iota}$$\alpha$$\varsigma$}
}

@article{agarwal2020quality,
  title={Quality estimation \& interpretability for code translation},
  author={Agarwal, Mayank and Talamadupula, Kartik and Houde, Stephanie and Martinez, Fernando and Muller, Michael and Richards, John and Ross, Steven and Weisz, Justin D},
  journal={arXiv preprint arXiv:2012.07581},
  year={2020}
}